@Standard{artREDDEnvironmentalExcellence2021,
  title = {The {{REDD}}+ {{Environmental Excellence Standard}}},
  author = {Secretariat ART},
  date = {2021-08},
  url = {https://www.artredd.org/wp-content/uploads/2021/12/TREES-2.0-August-2021-Clean.pdf},
  version = {2.0},
}
@Book{book,
  title = {La {{Deforestaci√≥n}} En El {{Ecuador}}, 1990-2018. {{Factores}} Promotores y Tendencias Recientes.},
  author = {Rodrigo Sierra and Oscar Calva and A. Guevara},
  date = {2021-12},
}
@Standard{artTREESValidationVerification2020,
  title = {{{TREES Validation}} and {{Verification Standard}}},
  author = {Secretariat ART},
  date = {2020-04},
  url = {https://www.artredd.org/wp-content/uploads/2020/04/TREES-Val-and-Ver-Standard-v1-April-2020.pdf?utm_source},
  version = {1.0},
}
@Standard{artClarificationRegardingReversal2024,
  title = {Clarification {{Regarding Reversal Accounting}} in {{TREES Monitoring Report Submission}}},
  author = {Secretariat ART},
  date = {2024-06},
  url = {https://www.artredd.org/wp-content/uploads/2024/06/Clarification-Regarding-Reversal-Accounting.pdf},
  version = {1.0},
}
